<record><leader>00000cas a22000007a 4500</leader><controlfield tag="001">16621366</controlfield><controlfield tag="008">870831d186u1868aluwr ne      0    0eng d</controlfield><datafield ind1=" " ind2=" " tag="010"><subfield code="a">sn 87050301 </subfield></datafield><datafield ind1=" " ind2=" " tag="040"><subfield code="a">AAR</subfield><subfield code="b">eng</subfield><subfield code="c">AAR</subfield><subfield code="d">CPN</subfield><subfield code="d">OCLCQ</subfield></datafield><datafield ind1=" " ind2=" " tag="042"><subfield code="a">msc</subfield></datafield><datafield ind1="0" ind2="0" tag="245"><subfield code="a">Wilcox County news.</subfield></datafield><datafield ind1=" " ind2=" " tag="260"><subfield code="a">Camden, Ala. :</subfield><subfield code="b">F.P.M. Gilbert</subfield></datafield><datafield ind1=" " ind2=" " tag="300"><subfield code="a">v.</subfield></datafield><datafield ind1=" " ind2=" " tag="310"><subfield code="a">Weekly</subfield></datafield><datafield ind1="0" ind2=" " tag="362"><subfield code="a">-v. 3, no. 30 (Nov. 24, 1868) = whole no. 132.</subfield></datafield><datafield ind1=" " ind2=" " tag="588"><subfield code="a">Description based on: Vol. 3, no. 1 (Aug. 16, 1867) = whole no. 103.</subfield></datafield><datafield ind1=" " ind2=" " tag="752"><subfield code="a">United States</subfield><subfield code="b">Alabama</subfield><subfield code="c">Wilcox</subfield><subfield code="d">Camden.</subfield></datafield><datafield ind1="0" ind2="0" tag="785"><subfield code="t">Wilcox news and pacificator</subfield><subfield code="w">(DLC)sn 84023455</subfield></datafield><datafield ind1="1" ind2=" " tag="029"><subfield code="a">AU@</subfield><subfield code="b">000025822454</subfield></datafield></record>